@article{kelly2014intensive,
  title={Intensive care medicine is 60 years old: the history and future of the intensive care unit},
  author={Kelly, Fiona E and Fong, Kevin and Hirsch, Nicholas and Nolan, Jerry P},
  journal={Clinical medicine},
  volume={14},
  number={4},
  pages={376--379},
  year={2014},
  publisher={Royal College of Physicians}
}

@article{Wilson2014,
archivePrefix = {arXiv},
arxivId = {arXiv:1210.0530v3},
author = {Wilson, Greg and Aruliah, D A and Brown, C Titus and {Chue Hong}, Neil P and Davis, Matt and Guy, Richard T and Haddock, Steven H D and Huff, Katy Kathryn D and Mitchell, Ian M and Plumbley, Mark D and Waugh, Ben and White, Ethan P and Wilson, Paul and Hong, Neil P Chue and Davis, Matt and Guy, Richard T and Haddock, Steven H D and Huff, Katy Kathryn D and Mitchell, Ian M and Plumbley, Mark D and Waugh, Ben and White, Ethan P and Wilson, Paul},
doi = {10.1371/journal.pbio.1001745},
eprint = {arXiv:1210.0530v3},
issn = {1545-7885},
journal = {PLOS Biology},
month = {jan},
number = {1},
pages = {e1001745},
pmid = {24415924},
title = {{Best practices for scientific computing.}},
url = {http://dx.doi.org/10.1371/journal.pbio.1001745 http://www.pubmedcentral.nih.gov/articlerender.fcgi?artid=3886731{\&}tool=pmcentrez{\&}rendertype=abstract},
volume = {12},
year = {2014}
}

@article{MIMIC2016,
  title={MIMIC-III, a freely accessible critical care database},
  author={Johnson, Alistair EW and Pollard, Tom J and Shen, Lu and Lehman, Li-wei H and Feng, Mengling and Ghassemi, Mohammad and Moody, Benjamin and Szolovits, Peter and Celi, Leo Anthony and Mark, Roger G},
  journal={Scientific data},
  volume={3},
  year={2016},
  publisher={Nature Publishing Group}
}

@article{halpern2010critical,
  title={Critical care medicine in the United States 2000--2005: an analysis of bed numbers, occupancy rates, payer mix, and costs},
  author={Halpern, Neil A and Pastores, Stephen M},
  journal={Critical care medicine},
  volume={38},
  number={1},
  pages={65--71},
  year={2010},
  publisher={LWW}
}

@Electronic{citicourse,
title = {Human Subjects Research},
Author = {Collaborative Institutional Training Initiative},
URL = {https://about.citiprogram.org/en/series/human-subjects-research-hsr/},
Year={2017}}

@article{finney2011efficient,
  title={An efficient record linkage scheme using graphical analysis for identifier error detection},
  author={Finney, John M and Walker, A Sarah and Peto, Tim EA and Wyllie, David H},
  journal={BMC medical informatics and decision making},
  volume={11},
  number={1},
  pages={7},
  year={2011},
  publisher={BioMed Central}
}

@Electronic{NHS2010,
  Title                    = {{NHS Reference Costs 2009-2010}},
  Author                   = {{Department of Health}},
  Month                    = jan,
  Url                      = {http://www.dh.gov.uk/en/Publicationsandstatistics/Publications/PublicationsPolicyAndGuidance/DH\_123459},
  Year                     = {2011},

  Institution              = {National Trust}
}

@Electronic{NHS2005,
  Title                    = {{NHS reference costs 2004-2005}},
  Author                   = {{Department of Health}},
  Month                    = apr,
  Url                      = {http://webarchive.nationalarchives.gov.uk/+/www.dh.gov.uk/en/Publicationsandstatistics/Publications/PublicationsPolicyAndGuidance/DH\_4133221},
  Year                     = {2006},

  Institution              = {National Trust}
}

@article{adhikari2010critical,
  title={Critical care and the global burden of critical illness in adults},
  author={Adhikari, Neill KJ and Fowler, Robert A and Bhagwanjee, Satish and Rubenfeld, Gordon D},
  journal={The Lancet},
  volume={376},
  number={9749},
  pages={1339--1346},
  year={2010},
  publisher={Elsevier}
}

@electronic{HIPAA,
  Title = {The Health Insurance Portability and Accountability Act (HIPAA)},
  Author = {United States},
  Year = {2004},
  Publisher = {U.S. Dept. of Labor, Employee Benefits Security Administration},
  Comment = {Washington, D.C.}
}
